@misc{contest,
  author = {{AMD}},
  title = {{Runtime-First FPGA Interchange Routing Contes}},
  year = {2024},
  publisher = {AMD},
  journal = {Web page},
  howpublished = {\href{https://xilinx.github.io/fpga24_routing_contest/index.html}{xilinx.github.io/fpga24       \_routing\_contest/index}}
}

@misc{FPGAIF,
  author = {{CHIPS Alliance}},
  title = {{FPGA Interchange Format}},
  year = {2020},
  publisher = {CHIPS Alliance},
  journal = {Web page},
  howpublished = {\href{http://www.rapidwright.io/docs/FPGA_Interchange_Format.html}{rapidwright.io/docs/FPGA\_Interchange    \_Format}}
}

@misc{osvvm,
  author = {Lewis, Jim and {Contributors}},
  title = {{Open Source VHDL Verification Methodology}},
  year = {2013},
  publisher = {OSVVM},
  journal = {Web page},
  howpublished = {\href{https://osvvm.org/}{osvvm.org}}
}

@misc{uvvm,
  author = {Tallaksen, Espen and {Contributors}},
  title = {{Universal VHDL Verification Methodology }},
  year = {2013},
  publisher = {UVVM},
  journal = {Web page},
  howpublished = {\href{https://www.uvvm.org/}{uvvm.org}}
}

@misc{wilson-research,
  author = {{Siemens}},
  title = {{The 2022 Wilson Research Group Functional Verification Study}},
  year = {2022},
  publisher = {Siemens},
  journal = {Web page},
  howpublished = {\href{https://blogs.sw.siemens.com/verificationhorizons/2022/11/21/part-6-the-2022-wilson-research-group-functional-verification-study/}{blogs.sw.    siemens.com/verificationhorizons/2022/11/21/part-6-the-2022-wilson-research-group-functional-verification-study/}}
}

@misc{gh:neorv32,
  author = {Nolting, Stephan and {Contribuidores}},
  title = {{NEORV32 - A tiny, customizable and extensible MCU-class 32-bit RISC-V soft-core CPU and microcontroller-like SoC}},
  year = {2024},
  publisher = {GitHub},
  journal = {GitHub repository},
  howpublished = {\href{https://github.com/stnolting/neorv32}{gh:stnolting/neorv32}},
  commit = {229b8f17f733170c265540acde9213c5dc1ba940}
}

@misc{gh:neorv32-setups,
  author = {Nolting, Stephan and {Contribuidores}},
  title = {{NEORV32 projects and exemplary setups for various FPGAs, boards and (open-source) toolchains. }},
  year = {2024},
  publisher = {GitHub},
  journal = {GitHub repository},
  howpublished = {\href{https://github.com/stnolting/neorv32-setups}{gh:stnolting/neorv32-setups}},
  commit = {8c738c55e5c80f1a58fc5baf67448e27babfce16}
}

@misc{gh:ghdl,
  author = {Gingold, Tristan and {Contributors}},
  title = {{GHDL - VHDL 2008/93/87 simulator}},
  year = {2024},
  publisher = {GitHub},
  journal = {GitHub repository},
  howpublished = {\href{https://github.com/ghdl/ghdl}{gh:ghdl/ghdl}},
  commit = {f6e6df2d4909f6672673384ace215514de60ab8d}
}

@misc{gh:ghdl-plugin,
  author = {Gingold, Tristan and {Contributors}},
  title = {{ghdl-yosys-plugin: VHDL synthesis (based on GHDL and Yosys)}},
  year = {2024},
  publisher = {GitHub},
  journal = {GitHub repository},
  howpublished = {\href{https://github.com/ghdl/ghdl-yosys-plugin}{gh:ghdl/ghdl-yosys-plugin}},
  commit = {511412f984d64ed7c46c4bdbd839f4b3c48f6fa5}
}

@misc{gh:yosys,
  author = {Xenia Wolf, Claire and {Contributors}},
  title = {{YOSYS - Yosys Open SYnthesis Suite}},
  year = {2020},
  publisher = {GitHub},
  journal = {GitHub repository},
  howpublished = {\href{https://github.com/YosysHQ/yosys}{gh:YosysHQ/    yosys}},
  commit = {855ac285f49277ba9007f5808f5350ec656db852}
}

@misc{gh:nextpnr,
  author = {Shah, David and {Contributors}},
  title = {{nextpnr portable FPGA place and route tool}},
  year = {2020},
  publisher = {GitHub},
  journal = {GitHub repository},
  howpublished = {\href{https://github.com/YosysHQ/nextpnr}{gh:YosysHQ/nextpnr}},
  commit = {75d2ce6a9274c16a3cd9c83179c2ba6c88c843a8}
}

@misc{gh:nextpnr-x,
  author = {Shah, David and {Contributors}},
  title = {{Nextpnr-Xilinx - Experimental flows using nextpnr for Xilinx devices}},
  year = {2020},
  publisher = {GitHub},
  journal = {GitHub repository},
  howpublished = {\href{https://github.com/gatecat/nextpnr-xilinx}{gh:gatecat/nextpnr-xilinx}},
  commit = {f79387599b420bfadf3dc218e55e1e77b1edb304}
}

@misc{gh:prjxray,
  author = {{Project X-Ray Contributors}},
  title = {{Documenting the Xilinx 7-series bit-stream format}},
  year = {2020},
  publisher = {GitHub},
  journal = {GitHub repository},
  howpublished = {\href{https://github.com/f4pga/prjxray}{gh:f4pga/prjxray}},
  commit = {5d682fac45c7b52b0ec1a68c68450cee5834bb28}
}

@misc{gh:openFPGALoader,
  author = {Goavec-Merou, Gwenhael and {Contributors}},
  title = {{openFPGALoader: Universal utility for programming FPGA}},
  year = {2024},
  publisher = {GitHub},
  journal = {GitHub repository},
  howpublished = {\href{https://github.com/trabucayre/openFPGALoader}{gh:trabucayre/openFPGALoader}},
  commit = {81422b6ca3d05a7b7ab6964ccaf2c88bf7d59aff}
}

@misc{gh:vunit,
  author = {Asplund, Lars and Kraigher, Olof and {Contributors}},
  title = {{VUnit - Testing framework for VHDL/    SystemVerilog}},
  year = {2024},
  publisher = {GitHub},
  journal = {GitHub repository},
  howpublished = {\href{https://github.com/VUnit/vunit}{gh:VUnit/vunit}},
  commit = {3032da050f11bdf038053f67fc664c39ee19f9f6}
}

@misc{gh:practices,
  author = {Sainz-Estebanez, Unai},
  title = {Practices},
  year = {2024},
  publisher = {GitHub},
  journal = {GitHub package},
  howpublished = {\href{https://github.com/Unike267/Practices}{gh:Unike267/Practices}},
  commit = {0efa8110acccc9e591ac728c0b110670fd14de22}
}

@misc{gh:container-implarty,
  author = {Sainz-Estebanez, Unai},
  title = {GHDL + yosys + GHDL yosys plugin + nextpnr-xilinx + prjxray Container},
  year = {2024},
  publisher = {GitHub},
  journal = {GitHub package},
  howpublished = {\href{https://github.com/Unike267/Containers/pkgs/container/containers%2Fimpl-arty}{ghcr.io/unike267/containers/impl-arty:latest}},
  commit = {224675cf743dc64687d830937b095cd14fe86e60}
}

@misc{vlsi-resources,
  author = {{Charan Lanka, Sai}},
  title = {{VLSI Resources}},
  year = {2024},
  journal = {Web page},
  howpublished = {\href{https://vlsiresources.com/}{vlsiresources.com}}
}

@misc{gh:qflow,
  author = {Edwards, Timothy},
  title = {{Qflow full end-to-end digital synthesis flow for ASIC designs}},
  year = {2024},
  publisher = {GitHub},
  journal = {GitHub package},
  howpublished = {\href{https://github.com/RTimothyEdwards/qflow}{gh:RTimothyEdwards/qflow}},
  commit = {c270a66de59507ac0e0ace7fd79e91a1b9d1dbb2}
}

@misc{qflow,
  author = {{Edwards, Timothy}},
  title = {{Qflow 1.3: An Open-Source Digital Synthesis Flow}},
  year = {2024},
  journal = {Web page},
  howpublished = {\href{http://opencircuitdesign.com/qflow/index.html}{opencircuitdesign.com/qflow/index}}
}

@misc{gh:graywolf,
  author = {{Yale University}},
  title = {{This is graywolf - a fork of TimberWolf 6.3.5}},
  year = {2020},
  publisher = {GitHub},
  journal = {GitHub package},
  howpublished = {\href{https://github.com/rubund/graywolf}{gh:rubund/graywolf}},
  commit = {f47937b66d4d44eafc4224f7c43d556dbf88f05b}
}

@misc{gh:qrouter,
  author = {Edwards, Timothy},
  title = {{Qrouter detail router for digital ASIC designs}},
  year = {2024},
  publisher = {GitHub},
  journal = {GitHub package},
  howpublished = {\href{https://github.com/RTimothyEdwards/qrouter}{gh:RTimothyEdwards/qrouter}},
  commit = {5717fd26b86a76886c456a0ed3af190f2045d81f}
}

@misc{gh:vesta,
  author = {Edwards, Timothy},
  title = {vesta.c},
  year = {2024},
  publisher = {GitHub},
  journal = {GitHub package},
  howpublished = {\href{https://github.com/RTimothyEdwards/qflow/blob/master/src/vesta.c}{gh:RTimothyEdwards/qflow/src/vesta.c}},
}

@misc{letter,
  author = {The FOSSi Foundation},
  title = {{Importance of Open-Source EDA Tools for Academia}},
  year = {2024},
  publisher = {Web page},
  howpublished = {\href{https://open-source-eda-letter.eu/}{open-source-eda-letter.eu}},
}

@misc{fossi,
  author = {The FOSSi Foundation},
  title = {{Roadmap and Recommendations for Open Source EDA in Europe}},
  year = {2024},
  publisher = {Web page},
  howpublished = {\href{https://fossi-foundation.org/resources/eu-roadmap}{fossi-foundation.org/resources/eu-roadmap}},
}

@misc{gh:open-pdks,
  author = {Edwards, Timothy},
  title = {{Open-PDKs (open\_pdks)}},
  year = {2024},
  publisher = {GitHub},
  journal = {GitHub package},
  howpublished = {\href{https://github.com/RTimothyEdwards/open_pdks}{gh:RTimothyEdwards/open\_pdks}},
  commit = {a918dc7c8e474a99b68c85eb3546b4ed91fe9e7b}
}

@misc{podman,
  author = {Heon, Matt and Walsh, Daniel J and Rothberg, Valentin and {Contributors}},
  title = {{Podman}},
  year = {2024},
  publisher = {Web page},
  howpublished = {\href{https://podman.io/}{podman.io}},
}

@misc{gh:podman,
  author = {Heon, Matt and Walsh, Daniel J and Rothberg, Valentin and {Contributors}},
  title = {{Podman: A tool for managing OCI containers and pods.}},
  year = {2024},
  publisher = {GitHub},
  journal = {GitHub repository},
  howpublished = {\href{https://github.com/containers/podman}{gh:containers/podman}},
  commit = {364761fc3083ce24ac0693e57ac166de6571b00c}
}

@misc{docker,
  author = {Hykes, Solomon and {Contributors}},
  title = {{Docker}},
  year = {2024},
  publisher = {Web page},
  howpublished = {\href{https://www.docker.com/}{docker.com}},
}

@misc{gh:docker,
  author = {{Docker, Inc}},
  title = {{Docker}},
  year = {2024},
  publisher = {Web page},
  howpublished = {\href{https://github.com/docker}{gh:docker}},
}

@misc{gh:moby,
  author = {{Moby Project Contributors}},
  title = {{The Moby Project}},
  year = {2024},
  publisher = {GitHub},
  journal = {GitHub repository},
  howpublished = {\href{https://github.com/moby/moby}{gh:moby/moby}},
  commit = {53013c1e8cdacfadbb0b718c3b0035a037f0f6bd}
}

@misc{podman:run,
  author = {{Podman}},
  title = {{Run command}},
  year = {2024},
  publisher = {Web page},
  howpublished = {\href{https://docs.podman.io/en/latest/markdown/podman-run.1.html}{docs.podman.io/en/latest/markdown/podman-run.1.html}},
}

@misc{posix,
  author = {{IEEE}},
  title = {{POSIX standard: Portable Operating System Interface (IEEE 1003)}},
  year = {2024},
  publisher = {Web page},
  howpublished = {\href{https://posix.opengroup.org/}{posix.opengroup.org/}},
}

@misc{posix:wiki,
  author = {{Wikipedia}},
  title = {{POSIX standard: Portable Operating System Interface (IEEE 1003)}},
  year = {2024},
  publisher = {Web page},
  howpublished = {\href{https://en.wikipedia.org/wiki/POSIX}{wikipedia.org/wiki/POSIX}},
}

